<record><leader>00000cas a22000007a 4500</leader><controlfield tag="001">12848669</controlfield><controlfield tag="008">851126d184u185ugauwr ne      0    0eng d</controlfield><datafield ind1=" " ind2=" " tag="010"><subfield code="a">sn 85034435 </subfield></datafield><datafield ind1=" " ind2=" " tag="040"><subfield code="a">NPU</subfield><subfield code="b">eng</subfield><subfield code="c">NPU</subfield><subfield code="d">PPM</subfield><subfield code="d">NLG</subfield><subfield code="d">DLC</subfield><subfield code="d">NLG</subfield><subfield code="d">GUA</subfield><subfield code="d">OCLCQ</subfield><subfield code="d">OCLCF</subfield><subfield code="d">OCLCO</subfield></datafield><datafield ind1="1" ind2=" " tag="029"><subfield code="a">AU@</subfield><subfield code="b">000024722746</subfield></datafield><datafield ind1=" " ind2=" " tag="042"><subfield code="a">msc</subfield></datafield><datafield ind1=" " ind2=" " tag="043"><subfield code="a">n-us-ga</subfield></datafield><datafield ind1="0" ind2="0" tag="245"><subfield code="a">Georgia weekly constitutionalist.</subfield></datafield><datafield ind1=" " ind2=" " tag="260"><subfield code="a">Augusta, Ga. :</subfield><subfield code="b">James Gardner</subfield></datafield><datafield ind1=" " ind2=" " tag="300"><subfield code="a">v.</subfield></datafield><datafield ind1=" " ind2=" " tag="310"><subfield code="a">Weekly</subfield></datafield><datafield ind1=" " ind2=" " tag="530"><subfield code="a">Also on microfilm: Athens, Ga. : University of Georgia Libraires.</subfield></datafield><datafield ind1=" " ind2=" " tag="588"><subfield code="a">Description based on: Vol. 27, new ser., v. 3, no. 29 (Aug. 30, 1848).</subfield></datafield><datafield ind1=" " ind2="0" tag="651"><subfield code="a">Augusta (Ga.)</subfield><subfield code="v">Newspapers.</subfield></datafield><datafield ind1=" " ind2="0" tag="651"><subfield code="a">Richmond County (Ga.)</subfield><subfield code="v">Newspapers.</subfield></datafield><datafield ind1=" " ind2="7" tag="655"><subfield code="a">Newspapers.</subfield><subfield code="2">fast</subfield><subfield code="0">(OCoLC)fst01423814</subfield></datafield><datafield ind1=" " ind2="7" tag="651"><subfield code="a">Georgia</subfield><subfield code="z">Augusta.</subfield><subfield code="2">fast</subfield><subfield code="0">(OCoLC)fst01206406</subfield></datafield><datafield ind1=" " ind2="7" tag="651"><subfield code="a">Georgia</subfield><subfield code="z">Richmond County.</subfield><subfield code="2">fast</subfield><subfield code="0">(OCoLC)fst01215116</subfield></datafield><datafield ind1=" " ind2=" " tag="752"><subfield code="a">United States</subfield><subfield code="b">Georgia</subfield><subfield code="c">Richmond</subfield><subfield code="d">Augusta.</subfield></datafield><datafield ind1="0" ind2=" " tag="775"><subfield code="t">Daily constitutionalist (Augusta, Ga. : 1846)</subfield><subfield code="w">(DLC)sn 90052029</subfield><subfield code="w">(OCoLC)21665964</subfield></datafield><datafield ind1="0" ind2=" " tag="775"><subfield code="t">Tri-weekly constitutionalist</subfield><subfield code="w">(DLC)sn 82015391</subfield><subfield code="w">(OCoLC)8807217</subfield></datafield><datafield ind1="0" ind2="0" tag="780"><subfield code="t">Weekly Georgia constitutionalist</subfield><subfield code="w">(DLC)sn 90052027</subfield><subfield code="w">(OCoLC)21480272</subfield></datafield><datafield ind1="0" ind2="0" tag="785"><subfield code="t">Weekly Georgia constitutionalist (Augusta, Ga.)</subfield><subfield code="w">(DLC)sn 90052268</subfield><subfield code="w">(OCoLC)21932176</subfield></datafield></record>